@article{Tjong,
	author = {Erik F. Tjong Kim Sang},
	title = {Introduction to the CoNLL-2002 Shared Task: Language-Independent Named Entity Recognition},
	journal = {Proceedings of CoNLL-2002},
	pages = {155--158},
	year = 2002
}

@article{Malouf,
	author = {Robert Malouf},
	title = {Markov models for language-independent named entity recognition},
	journal = {Proceedings of CoNLL-2002},
	pages = {187--190},
	year = 2002
}

@book{BirdKleinLoper09,
	author = {Steven Bird and Ewan Klein and Edward Loper},
	title = {{Natural Language Processing with Python}},
	publisher = {O'Reilly Media},
	year = 2009
}

@article{Megam,
	author = {Hal Daume III},
	title = {Notes on CG and LM-BFGS Optimization of Logistic Regression},
	note = {http://www.umiacs.umd.edu/~hal/docs/daume04cg-bfgs.pdf},
	year = 2004
}

@article{Survey,
	author = {David Nadeau and Satoshi Sekine},
	title = {A survey of named entity recognition and classification},
	journal = {Lingvisticae Investigationes},
	volume = 30,
	number = 1,
	pages = {3--26},
	year = 2007
}

@article{Explore,
	author = {Maksim Tkachenko and Andrey Simanovsky},
	title = {Named Entity Recognition: Exploring Features},
	journal = {Proceedings of KONVENS 2012},
	year = 2012
}

@article{Global,
	author = {Xinnian Mao and Wei Xu and Yuan Dong and Saike He and Haila Wang},
	title = {Using Non-Local Features to Improve Named Entity Recognition Recall},
	journal = {The 21st Pacific Asia Conference on Language, Information and Computation : Proceedings},
	volume = 21, 
	year = 2007
}
